<?xml version="1.0" encoding="UTF-8"?><collection xmlns="http://www.loc.gov/MARC21/slim"><record><leader>00386nam--2200133-i-4500</leader><controlfield tag="001">000013491</controlfield><controlfield tag="002">20161230</controlfield><controlfield tag="005">20161230201030</controlfield><controlfield tag="008">060222s1000------------r-----000-0-eng-d</controlfield><datafield ind1=" " ind2=" " tag="245"><subfield code="a">Quantitative mass spectrometry in life sciences 11. proceedings</subfield></datafield><datafield ind1=" " ind2=" " tag="260"><subfield code="a">Amsterdam, Elsevier Sci.Publ.Co., 1978</subfield></datafield><datafield ind1=" " ind2=" " tag="490"><subfield code="a">X+501p</subfield></datafield><datafield ind1=" " ind2=" " tag="700"><subfield code="a">De Leenheer, A.P., Roncucci, R.R</subfield></datafield><datafield ind1=" " ind2=" " tag="852"><subfield code="a">543.51(061.3)</subfield></datafield></record></collection>